<?xml version="1.0" encoding="UTF-8"?>
  <record xmlns="http://www.loc.gov/MARC21/slim" type="Authority">
    <leader>00000nz  a2200000oc 4500</leader>
    <controlfield tag="001">137281447</controlfield>
    <controlfield tag="003">DE-101</controlfield>
    <controlfield tag="005">20090217161530.0</controlfield>
    <controlfield tag="008">090205n||aznnnaabn           | aaa    |c</controlfield>
    <datafield tag="024" ind1="7" ind2=" ">
      <subfield code="a">137281447</subfield>
      <subfield code="0">http://d-nb.info/gnd/137281447</subfield>
      <subfield code="2">gnd</subfield>
    </datafield>
    <datafield tag="035" ind1=" " ind2=" ">
      <subfield code="a">(DE-101)137281447</subfield>
    </datafield>
    <datafield tag="035" ind1=" " ind2=" ">
      <subfield code="a">(DE-588)137281447</subfield>
    </datafield>
    <datafield tag="035" ind1=" " ind2=" ">
      <subfield code="z">(DE-588a)137281447</subfield>
      <subfield code="9">v:zg</subfield>
    </datafield>
    <datafield tag="040" ind1=" " ind2=" ">
      <subfield code="a">DE-7</subfield>
      <subfield code="c">DE-7</subfield>
      <subfield code="9">r:DE-12</subfield>
      <subfield code="b">ger</subfield>
      <subfield code="d">0007</subfield>
    </datafield>
    <datafield tag="042" ind1=" " ind2=" ">
      <subfield code="a">gnd3</subfield>
    </datafield>
    <datafield tag="043" ind1=" " ind2=" ">
      <subfield code="c">XA-DE</subfield>
    </datafield>
    <datafield tag="075" ind1=" " ind2=" ">
      <subfield code="b">p</subfield>
      <subfield code="2">gndgen</subfield>
    </datafield>
    <datafield tag="075" ind1=" " ind2=" ">
      <subfield code="b">piz</subfield>
      <subfield code="2">gndspec</subfield>
    </datafield>
    <datafield tag="079" ind1=" " ind2=" ">
      <subfield code="a">g</subfield>
      <subfield code="q">a</subfield>
      <subfield code="q">f</subfield>
    </datafield>
    <datafield tag="100" ind1="1" ind2=" ">
      <subfield code="a">Strüver, Heinrich</subfield>
      <subfield code="d">1585-1661</subfield>
    </datafield>
    <datafield tag="375" ind1=" " ind2=" ">
      <subfield code="a">1</subfield>
      <subfield code="2">iso5218</subfield>
    </datafield>
    <datafield tag="400" ind1="1" ind2=" ">
      <subfield code="a">Strüverus, Henricus</subfield>
      <subfield code="d">1585-1661</subfield>
    </datafield>
    <datafield tag="400" ind1="1" ind2=" ">
      <subfield code="a">Struverus, Henricus</subfield>
      <subfield code="d">1585-1661</subfield>
    </datafield>
    <datafield tag="548" ind1=" " ind2=" ">
      <subfield code="a">1585-1661</subfield>
      <subfield code="4">datl</subfield>
      <subfield code="4">https://d-nb.info/standards/elementset/gnd#dateOfBirthAndDeath</subfield>
      <subfield code="w">r</subfield>
      <subfield code="i">Lebensdaten</subfield>
    </datafield>
    <datafield tag="667" ind1=" " ind2=" ">
      <subfield code="a">VD-17</subfield>
    </datafield>
    <datafield tag="672" ind1=" " ind2="0">
      <subfield code="a">Gemitus in Obitum ut luctuossissimum ita Beatissimum Nobilissimi, Amplissimi Et Consultissimi Viri Dn. Henrici Strüveri, Consiliarii quondam provincialis Bremensis meritissimi, nec non Reipubl: Buxtehud: Consulis dignissimi, Magnifici. - 1661</subfield>
    </datafield>
    <datafield tag="672" ind1=" " ind2="0">
      <subfield code="a">Tieffenbrock, Abel von: Ara Mnemonica Quam Nobili, Amplissimo Et Consultissimo Viro Domino Henrico Strüvero, Consiliario Quondam Provinciali Bremensi Et Consuli Buxtehudano Seniori Ac Patriae Patri Struxit Et Die Georgiano Consecravit Venerans Et Gratus Gener Abel De Tieffenbrock. - [1661]</subfield>
    </datafield>
    <datafield tag="672" ind1=" " ind2="0">
      <subfield code="a">Wasmund, Johannes: Eine Christliche Leich-Sermon, Uber den tödtlichen Hintritt Deß Weyland Edlen, Vesten, Hochgelahrten und Hochweisen Herrn, Herrn Henrici Strüveri, Wolverordneten Bremischen Land-Rahts, und wollverdienten eltisten Bürgermeisters der Stadt Buxtehude. - 1661</subfield>
    </datafield>
    <datafield tag="678" ind1=" " ind2=" ">
      <subfield code="b">Bürgermeister der Stadt Buxtehude</subfield>
    </datafield>
    <datafield tag="913" ind1=" " ind2=" ">
      <subfield code="S">pnd</subfield>
      <subfield code="i">a</subfield>
      <subfield code="a">Strüver, Heinrich</subfield>
      <subfield code="0">(DE-588a)137281447</subfield>
    </datafield>
  </record>
